@book{Nederpelt_Geuvers_2014,
    place = {Cambridge},
    title = {Type Theory and Formal Proof: An Introduction},
    publisher = {Cambridge University Press},
    author = {Nederpelt, Rob and Geuvers, Herman},
    year = {2014}
}

@book{math_in_lean,
    title = {Mathematics in Lean},
    author = {Avigad, Jeremy and Massot, Patrick},
    year = {2023}
}

@book{meta_lean,
    title = {Metaprogramming in Lean 4},
    author = {Paulino, Arthur and Testa, Damiano and Ayers, Edwards and Karunus, Evgenia},
}

@book{theorem_proving,
    title = {Theorem Proving in Lean 4},
}

@booklet{topology_memo,
    title = {Mémo de Topologie},
    author = {Le Roux, Frédéric and Klopp, Frédéric},
    year = {2021},
}

@misc{deaduction,
    title = {D$\exists\forall${DUCTION}},
    author = {Le Roux, Frédéric},
    url = {https://github.com/dEAduction/dEAduction}
}

@article{Barendregt_1991,
    title={Introduction to generalized type systems},
    volume={1},
    DOI={10.1017/S0956796800020025},
    number={2},
    journal={Journal of Functional Programming},
    author={Barendregt, Henk},
    year={1991},
    pages={125–154}
}

@techreport{coquand,
    TITLE = {{An analysis of Girard's paradox}},
    AUTHOR = {Coquand, T.},
    URL = {https://inria.hal.science/inria-00076023},
    NUMBER = {RR-0531},
    INSTITUTION = {{INRIA}},
    YEAR = {1986},
    PDF = {https://inria.hal.science/inria-00076023/file/RR-0531.pdf},
    HAL_ID = {inria-00076023},
    HAL_VERSION = {v1},
}

@online{git_repo,
    title = {{LU3MA236 en Lean}},
    note = {\url{https://github.com/Luc-Saccoccio/LU3MA201-topology/}},
}
